@STRING{AJASA = {Anesthesiol.:~J.~Am.~Soc.~Anesthesiol.}}

@STRING{AOR = {Ann.~Oper.~Res.}}

@STRING{ADM = {Ann.~Disc.~Math.}}

@STRING{CMA = {Comput.~Math.~Appl.}}

@STRING{CMS = {Comput.~Manage.~Sci.}}

@STRING{COR = {Comput. and Oper.~Res.}}

@STRING{DOPT = {Discrete Optim.}}

@STRING{DAM = {Discr.~Appl.~Math.}}

@STRING{EJOR = {European~J.~Oper.~Res.}}

@STRING{HCMS={Health~Care~Manage~Sci.}}

@STRING{IEEEAC = {IEEE Trans.~Automat.~Control}}

@STRING{IIE = {IIE Trans.}}

@STRING{IIETOHSE={IIE~Trans.~Healthc.~Syst.~Engineering}}

@STRING{IJOC = {INFORMS J.~Comput.}}

@STRING{IJOPM = {International~J.~Oper.~Production~Management}}

@STRING{IJOS = {International~J.~Surg.}}

@STRING{IJPE = {International~J.~Production~Economics}}

@STRING{IJROBP = {Int.~J.~Radiat.~Oncol.~Biol.~Phys.}}

@STRING{IS = {Inf.~Sci.}}

@STRING{JASA = {J.~Amer.~Statist.~Assoc.}}

@STRING{JOGO = {J.~Global.~Opt.}}

@STRING{JORS = {J.~Oper.~Res.~Soc.}}

@STRING{JOS={J.~Sched.}}

@STRING{JOTA = {J.~Optim.~Theory Appl.}}

@STRING{LNCS = {Lecture~Notes in Comput.~Sci.}}

@STRING{MMOR = {Math.~Meth.~Oper.~Res.}}

@STRING{MOR = {Math.~Oper.~Res.}}

@STRING{MP = {Math.~Program.}}

@STRING{MPC = {Math.~Program.~ Comput.}}

@STRING{MS = {Management~Sci.}}

@STRING{MSOM = {Manuf. Serv. Oper.~Manag.}}

@STRING{NRL = {Naval~Res.~Logist.}}

@STRING{POM = {Production Oper. Management}}

@STRING{OMS = {Optim.~Methods Softw.}}

@STRING{OPT = {Optimization}}

@STRING{OR = {Oper.~Res.}}

@STRING{ORS = {OR~Spectrum}}

@STRING{ORL = {Oper.~Res.~Lett.}}

@STRING{RES = {Rev.~Econ.~Studies}}

@STRING{SIAMAPM = {SIAM J.~Appl.~Math.}}

@STRING{SIAMMA = {SIAM J.~Matrix Anal.~Appl.}}

@STRING{SIAMOPT = {SIAM J.~Optim.}}

@STRING{SIAMC = {SIAM J.~Comput.}} 

@STRING{SIDMA = {SIAM J.~Discrete Math.}}

@STRING{CJKHD = {Canadian Journal of Kidney Health and Disease}}

@STRING{NDT = {Nephrology Dialysis Transplantation}}

@STRING{ALG = {Algorithmica}}

@STRING{AER = {American Economic Review}}


@article{Bergman2014,
  title={Optimization bounds from binary decision diagrams},
  author={Bergman, David and Cire, Andre A and Hoeve, Willem-Jan van and Hooker, John N},
  journal={INFORMS Journal on Computing},
  volume={26},
  number={2},
  pages={253--268},
  year={2014},
  publisher={INFORMS}
}

@article{Morrison2016,
	author = {Morrison, David R. and Sewell, Edward C. and Jacobson, Sheldon H.},
	title = {{S}olving the pricing problem in a branch-and-price algorithm for graph coloring using zero-suppressed binary decision diagrams},
	journal = {INFORMS Journal on Computing},
	volume = {28},
	number = {1},
	pages = {67--82},
	year = {2016},
}

@article{Lozano2018,
  title={A binary decision diagram based algorithm for solving a class of binary two-stage stochastic programs},
  author={Lozano, Leonardo and Smith, J Cole},
  journal={Mathematical Programming},
  pages={1--24},
  year={2018},
  publisher={Springer}
}

@article{Saidman2006,
	title={{I}ncreasing the opportunity of live kidney donation by matching for two- and three-way exchanges},
	author={Saidman, Susan L and Roth, Alvin E and S\"onmez, Tayfun and Unver, M Utku and Delmonico, Francis L},
	journal={Transplantation},
	volume={5},
	number={81},
	pages={773--82},
	year={2006}}

@article{Mincu2020,
	title={{IP} solutions for international kidney exchange programmes},
	author={Mincu, Radu-Stefan and Biró, Péter and Gyetvai, M\'arton and Popa, Alexandru and Verma, Utkarsh},
	journal={Central European Journal of Operations Research},
	year={2020}
}

@article{CaKEPFoundations,
	title={{F}oundations and {P}rinciples of the {C}anadian living donor paired exchange program},
	author={Malik, Shafi and Cole, Edward},
	journal=CJKHD,
	volume={1},
	number={1},
	pages={6},
	year={2014}}

@article{AustraliaKPD,
	title={{F}our years of experience with the {A}ustralian kidney paired donation programme},
	author={Cantwell, Linda and Woodroffe, Claudia and Holdsworth, Rhonda and Ferrari, Paolo},
	journal={Nephrology (Carlton, Vic.)},
	volume={20},
	number={3},
	pages={124--131},
	year={2015}}
	
@article{NKR9years,
	title={{T}he first 9 years of kidney paired donation through the {N}ational {K}idney {R}egistry: 
	{C}haracteristics of donors and recipients compared with {N}ational {L}ive {D}onor 
	{T}ransplant {R}egistries},
	author={Flechner, Stuart M and Thomas, Alvin G and Ronin, Matthew and Veale, Jeffrey L and Leeser, David B and Kapur, Sandip and Peipert, John D and Segev, Dorry L and Henderson, Macey L and Shaffer, Ashton A and Cooper, Matthew and Hil, Garet and Waterman, Amy D},
	journal={American Journal of Transplantation},
	volume={18},
	number={11},
	pages={2730--2738},
	year={2018}}	

@article{DDonors2017,
	author = {Wall, Anji E and Veale, Jeffrey L and Melcher, Marc L},
	title = {{A}dvanced donation programs and deceased donor-initiated chains-2 {I}nnovations in kidney paired donation},
	journal = {Transplantation},
	volume = {101},
	number = {12},
	pages = {2818--2824},
	year = {2018}}


@article{Even1998,
	author = {Even, G., and (Seffi) Naor, J. and Schieber,, B. and Sudan, M.},
	title = {{A}pproximating {M}inimum {F}eedback {S}ets and {M}ulticuts in {D}irected {G}raphs},
	journal = ALG,
	volume = {20},
	number = {2},
	pages = {151--174},
	year = {1998}}

@article{Constantino2013,
	author = {Miguel Constantino and Xenia Klimentova and Ana Viana and Abdur Rais},
	title = {{N}ew insights on integer-programming models for the kidney exchange problem},
	journal = {European Journal on Operations Research},
	volume = {231},
	number = {1},
	pages = {57--68},
	year = {2013}}

@article{Lam2020,
	author = {Edward Lam and Vicky Mak-Hau},
	title = {Branch-and-cut-and-price for the cardinality-constrained multi-cycle problem in kidney exchange},
	journal = {Computers \& Operations Research},
	volume = {115},
	pages = {},
	year = {2020}
}	

@article{Glorie2014,
	author = {Glorie, Kristiaan M. and van de Klundert, J. Joris and Wagelmans, Albert P. M.},
	title = {{K}idney exchange with long chains: {A}n efficient pricing algorithm for clearing barter exchanges with branch-and-price},
	journal = {Manufacturing \& Service Operations Management},
	volume = {16},
	number = {4},
	pages = {498-512},
	year = {2014}
}	


@article{Dickerson2019,
	author = {Dickerson, John P. and Procaccia, Ariel D. and Sandholm, Tuomas},
	title = {{F}ailure-aware kidney exchange},
	journal = {Management Science},
	volume = {65},
	number = {4},
	pages = {1768-1791},
	year = {2019}
}

@article{Biro2009,
	author = {Bir{\'o}, P{\'e}ter and Manlove, David F. and Rizzi, Romeo},
	title = {{M}aximum weight cycle packing in directed graphs, with application to kidney exchange programs},
	journal = {Discrete Mathematics, Algorithms and Applications},
	volume = {01},
	number = {04},
	pages = {499-517},
	year = {2009}
}

@article{Cire2013,
	author = {Cire, Andre A. and van Hoeve, Willem-Jan},
	title = {{M}ultivalued decision diagrams for sequencing problems},
	journal = {Operations Research},
	volume = {61},
	number = {6},
	pages = {1411-1428},
	year = {2013}
}

@inproceedings{Hooker2013,
  title={Decision diagrams and dynamic programming},
  author={Hooker, John N},
  booktitle={{I}ntegration of {AI} and {OR} {T}echniques in {C}onstraint {P}rogramming for {C}ombinatorial {O}ptimization {P}roblems},
  pages={94--110},
  year={2013},
  organization={Springer}
}



@Inbook{Bergman2016,
	author="Bergman, David
	and Cire, Andre A.
	and van Hoeve, Willem-Jan
	and Hooker, John",
	title="Exact {D}ecision {D}iagrams",
	bookTitle="{D}ecision {D}iagrams for {O}ptimization",
	year="2016",
	publisher="Springer International Publishing",
	address="Cham",
	pages="23--54"
}

@article{Castro2020,
	author = {Castro, Margarita P. and Cire, Andre A. and Beck, J. Christopher},
	title = {An {MDD}-based {L}agrangian approach to the multicommodity pickup-and-delivery {TSP}},
	journal = {INFORMS Journal on Computing},
	volume = {32},
	number = {2},
	pages = {263-278},
	year = {2020}
}

@article{Ding2018,
	author = {Ding, Yichuan and Ge, Dongdong and He, Simai and Ryan, Christopher Thomas},
	title = {A nonasymptotic approach to analyzing kidney exchange graphs},
	journal = {Operations Research},
	volume = {66},
	number = {4},
	pages = {918-935},
	year = {2018}
}

@article{MakHau2015,
	author = {Mak-Hau, Vicky},
	title = {On the kidney exchange problem: cardinality constrained cycle and chain problems on directed graphs: a survey of integer programming approaches},
	journal = {Journal of Combinatorial Optimization},
	volume = {33},
	number = {1},
	pages = {35-39},
	year = {2015}
}

@article{Kinable2017,
	title = "{H}ybrid optimization methods for time-dependent sequencing problems",
	journal = {European Journal on Operations Research},
	volume = "259",
	number = "3",
	pages = "887--897",
	year = "2017",
	author = "Joris Kinable and Andre A. Cire and Willem-Jan {van Hoeve}",
	keywords = "Constraint programming, Sequencing, Decision diagrams, Additive bounding",
}

@inproceedings{Klimentova2014,
	title={A new branch-and-price approach for the kidney exchange problem},
	author={Klimentova, Xenia and Alvelos, Filipe and Viana, Ana},
	booktitle={Computational Science and Its Applications -- ICCSA 2014},
	pages={237--252},
	year={2014},
	organization={Springer}
}

@inproceedings{Abraham2007,
  title={Clearing algorithms for barter exchange markets: {E}nabling nationwide kidney exchanges},
  author={Abraham, David J and Blum, Avrim and Sandholm, Tuomas},
  booktitle={Proceedings of the 8th ACM conference on Electronic commerce},
  pages={295--304},
  year={2007}
}

@article{Plaut2016,
	author = {Plaut, Benjamin and Dickerson, John and Sandholm, Tuomas},
	year = {2016},
	month = {06},
	title = {{H}ardness of the pricing problem for chains in barter exchanges},
	note = {\url{https://arxiv.org/abs/1606.00117}} 
}

@techreport{CIHI2018,
	author = {{C}{I}{H}{I}},
	title = {Annual Statistics on Organ Replacement in {C}anada: Dialysis, Transplantation and Donation, 2009 to 2018. {Ottawa, ON: CIHI}; 2019.},
	institution = {Canadian {I}nstitute for {H}ealth {I}nformation},
	year = {2019},
	note = {\url{https://www.cihi.ca/sites/default/files/document/corr-snapshot-2019-en.pdf}}
}

@techreport{CBS2019,
	author = {{CBS}},
	title = {Interprovincial organ sharing national data report: {K}idney {P}aired {D}onation {P}rogram 2009–2018},
	institution = {Canadian {B}lood {S}ervices},
	year = {2019},
	note = {\url{https://profedu.blood.ca/sites/msi/files/kpd-eng_2018.pdf}}
}

@inproceedings{Dickerson2014R,
	author = {Dickerson, John P.},
	title = {Robust Dynamic Optimization with Application to Kidney Exchange},
	year = {2014},
	publisher = {International Foundation for Autonomous Agents and Multiagent Systems},
	address = {Richland, SC},
	booktitle = {Proceedings of the 2014 International Conference on Autonomous Agents and Multi-Agent Systems},
	pages = {1701–1702},
	numpages = {2},
	location = {Paris, France}
}

@inproceedings{Awasti2009,
	author = {Awasthi, Pranjal and Sandholm, Tuomas},
	year = {2009},
	month = {01},
	pages = {405-411},
	title = {Online Stochastic Optimization in the Large: Application to Kidney Exchange.},
	journal = {IJCAI International Joint Conference on Artificial Intelligence}
}

@article{Carvalho2020,
	author = {Carvalho, Margarida and Klimentova, Xenia and Glorie, Kristiaan and Viana, Ana and Constantino, Miguel},
	title = {Robust Models for the Kidney Exchange Problem},
	journal = {INFORMS Journal on Computing},
	year = {2020}
}

@inproceedings{Monteiro2020,
	author = {Monteiro, Tiago and Klimentova, Xenia and Pedroso, João Pedro and Viana, Ana},
	year = {2020},
	month = {03},
	title = {A comparison of matching algorithms for kidney exchange programs addressing waiting time },
	journal = {Central European Journal of Operations Research}
}

@article{Arvind2018,
	author = {Raghunathan, Arvind U and Bergman, David and Hooker, John and Serra, Thiago and Kobori, Shingo},
	year = {2018},
	month = {07},
	title = {Seamless Multimodal Transportation Scheduling},
	note = {\url{https://arxiv.org/abs/1807.09676}} 
}

@article{Biro2019,
	author = {Bir\'{o}, Peter and Haase-Kromwijk, Bernadette and Andersson, Tommy and Ásgeirsson, Eyj\'{o}lfurI Ingi and Baltesová, Tatiana and Boletis, Ioannis and Bolotinha, Catarina and Bond, Gregor and B\''{o}hmig, Georg and Burnapp, Lisa and Cechl\'{a}rov\'{a}, Katar\'{i}na and Di Ciaccio, Paola and Fronek, Jiri and Hadaya, Karine and Hemke, Aline and Jacquelinet, Christian and Johnson, Rachel and Kieszek, Rafal and Kuypers, Dirk R. and Leishman, Ruthanne and Macher, Marie-Alice and Manlove, David and Menoudakou, Georgia and Salonen, Mikko and Smeulders, Bart and Sparacino, Vito and Spieksma, Frits CR. and Valent\'{i}n, Mar\'{i}a Olivia and Wilson, Nic and van der Klundert, Joris},
	year ={2019},
	title = {{B}uilding {K}idney {E}xchange {P}rogrammes in {E}urope—{A}n {O}verview of {E}xchange {P}ractice and {A}ctivities},
	journal = {Transplantation},
	volume = {103},
	numer = {7},
	pages = {1514--1522}
}

@article{Alvelos2019,
	author = {Alvelos, Filipe and Klimentova, Xenia and Viana, Ana},
	year = {2019},
	title = {{M}aximizing the expected number of transplants in kidney exchange programs with branch-and-price},
	journal = {Annals of Operations Research},
	volume = {272},
	pages = {429-444}
}

@article{Klimentova2016,
	title = {{M}aximising expectation of the number of transplants in kidney exchange programmes},
	journal = {Computers \& Operations Research},
	volume = {73},
	pages = {1--11},
	year = {2016},
	author = {Klimentova, Xenia and Pedroso, Jo\~{a}o Pedro and Viana, Ana}
}

@inproceedings{Dickerson2012DynamicMV,
	title={{D}ynamic {M}atching via {W}eighted {M}yopia with {A}pplication to {K}idney {E}xchange},
	author={Dickerson, John P.  and  Procaccia, Ariel D.  and Sandholm, T. },
	booktitle={AAAI},
	year={2012}
}


@inproceedings{Chisca2018,
	author={Chisca, Danuta and Lombardi, Michele and Milano, Michela and O'Sullivan, Barry},
	booktitle={2018 IEEE 30th International Conference on Tools with Artificial Intelligence (ICTAI)}, 
	title={From Offline to Online Kidney Exchange Optimization}, 
	year={2018},
	volume={},
	number={},
	pages={587-591},
	doi={10.1109/ICTAI.2018.00095}}

@misc{Gao2019fair,
	title={{F}air {M}atching in {D}ynamic {K}idney {E}xchange}, 
	author={Irena Gao},
	year={2019},
	note={\url{https://arxiv.org/abs/1912.10563}}
}

@article{Mittelman2020,
	author = {Mittelman, Hans D.},
	title = {{B}enchmarking optimization software-a ({H}i)story},
	journal = {SN Operations Research Forum},
	volume = {1},
	number = {2},
	year = {2020}
}
@techreport{Ashlagi2021,
	title = "Kidney Exchange: An Operations Perspective",
	author = "Ashlagi, Itai and Roth, Alvin E",
	institution = "National Bureau of Economic Research",
	type = "Working Paper",
	series = "Working Paper Series",
	number = "28500",
	year = "2021",
	month = "February",
	note = {\url{http://www.nber.org/papers/w28500}}
}
@inproceedings{Dickerson2012,
  author = {Dickerson, John P. and Procaccia, Ariel D. and Sandholm, Tuomas},
  title = {{O}ptimizing kidney exchange with transplant chains: {T}heory and reality},
  booktitle = {Proceedings of the 11th International Conference on Autonomous Agents and Multiagent Systems - Volume 2},
  pages={711--718},
  year={2012}
}


@article{Barnhart1998,
	author = {Barnhart, Cynthia and Johnson, Ellis L. and Nemhauser, George L. and Savelsbergh, Martin W. P. and Vance, Pamela H.},
	title = {{B}ranch-and-{P}rice: {C}olumn {G}eneration for {S}olving {H}uge {I}nteger {P}rograms},
	journal = {Operations Research},
	volume = {46},
	number = {3},
	pages = {316-329},
	year = {1998}
}

@inproceedings{Plaut2016b, 
	author = {Plaut, Benjamin and Dickerson, John P. and Sandholm, Tuomas}, 
	title = {{F}ast optimal clearing of capped-chain barter exchanges}, 
	booktitle = {Proceedings of the Thirtieth AAAI Conference on Artificial Intelligence},
	year = {2016}, 
	publisher = {AAAI Press}, 
	pages = {601–607}, 
	numpages = {7}, 
	location = {Phoenix, Arizona} }

@inproceedings{Dickerson2016,
  title = {{P}osition-indexed formulations for kidney exchange},
  author = {Dickerson, John P. and Manlove, David F. and Plaut, Benjamin and Sandholm, Tuomas and Trimble, James},
  booktitle = {Proceedings of the 2016 ACM Conference on Economics and Computation},
  pages = {25-42},
  year={2016}
}


@Inbook{Karp1972,
	author = {Karp, R.M.},
	title = {{R}educibility among combinatorial problems},
	bookTitle={Complexity of Computer Computations. The IBM Research Symposia Series},
	year = {1972},
	publisher = {Springer},
	address= {Boston, MA},
	pages = {85-103}}

@article{Roth2007,
	author = {Roth, Alvin E. and S{\"o}nmez, Tayfun and {\"U}nver, M. Utku},
	title = {{E}fficient kidney exchange: {C}oincidence of wants in markets with compatibility-based preferences},
	journal = AER,
	volume = {97},
	number = {3},
	year = {2007},
	month = {June},
	pages = {828-851}}

@article{Gentry2009,
	author = {Gentry, S E and Montgomery, R A and Swihart B J},
	title = {The roles of dominos and nonsimultaneous chains in kidney paired donation},
	journal = {American Journal of Transplantation},
	volume = {9},
	number = {6},
	year = {2009},
	month = {June},
	pages = {1330-6}}

@techreport{Ashlagi2012,
	title = "{T}he need for (long) chains in kidney exchange",
	author = "Ashlagi, Itai and Gamarnik, David and Rees, Michael A and Roth, Alvin E",
	institution = "National Bureau of Economic Research",
	type = "Working Paper",
	year = "2012",
	month = "July"
}

@article {Anderson2015,
	author = {Anderson, Ross and Ashlagi, Itai and Gamarnik, David and Roth, Alvin E.},
	title = {{F}inding long chains in kidney exchange using the traveling salesman problem},
	volume = {112},
	number = {3},
	pages = {663-668},
	year = {2015},
	publisher = {National Academy of Sciences},
	journal = {Proceedings of the National Academy of Sciences}
}


@article{Duncan2019,
	author = {McElfresh, Duncan and Bidkhori, Hoda and Dickerson, John},
	year = {2019},
	month = {07},
	pages = {1077-1084},
	title = {{S}calable robust kidney exchange},
	volume = {33},
	journal = {Proceedings of the AAAI Conference on Artificial Intelligence}
}

@InProceedings{Mattei2013,
	author={Mattei, Nicholas
	and Walsh, Toby},
	editor={Perny, Patrice
	and Pirlot, Marc
	and Tsouki{\`a}s, Alexis},
	title={{P}refLib: {A} {L}ibrary for {P}references http://www.preflib.org},
	booktitle={Algorithmic Decision Theory},
	year={2013},
	publisher={Springer Berlin Heidelberg},
	address={Berlin, Heidelberg},
	pages={259-270}
}





@article{lombardi2010stochastic,
  title={{S}tochastic allocation and scheduling for conditional task graphs in multi-processor systems-on-chip},
  author={Lombardi, Michele and Milano, Michela and Ruggiero, Martino and Benini, Luca},
  journal=JOS,
  volume={13},
  number={4},
  pages={315--345},
  year={2010},
  publisher={Springer}}

@article{cire2012heuristic, title={A heuristic logic-based {B}enders method for the home health care problem}, author={Cire, Andre A and Hooker, John N}, journal={manuscript, presented at Matheuristics}, year={2012} }

@inproceedings{cire2013mixed,
  title={Mixed integer programming vs. logic-based {B}enders decomposition for planning and scheduling},
  author={Cire, Andre and Coban, Elvin and Hooker, John N},
  booktitle={International Conference on AI and OR Techniques in Constriant Programming for Combinatorial Optimization Problems},
  pages={325--331},
  year={2013},
  organization={Springer}
}

@article{riise2016recursive,
  title={Recursive logic-based {B}enders decomposition for multi-mode outpatient scheduling},
  author={Riise, Atle and Mannino, Carlo and Lamorgese, Leonardo},
  journal=EJOR,
  volume={255},
  number={3},
  pages={719--728},
  year={2016},
  publisher={Elsevier}
}

@article{kloimullner2017full,
  title={Full-load route planning for balancing bike sharing systems by logic-based {B}enders decomposition},
  author={Kloim{\"u}llner, Christian and Raidl, G{\"u}nther R},
  journal={Networks},
  volume={69},
  number={3},
  pages={270--289},
  year={2017},
  publisher={Wiley Online Library}
}

@article{benders1962partitioning,
  title={Partitioning procedures for solving mixed-variables programming problems},
  author={Benders, Jacques F},
  journal={Numerische mathematik},
  volume={4},
  number={1},
  pages={238--252},
  year={1962},
  publisher={Springer}
}

@article{rahmaniani2017benders, title={The {B}senders decomposition algorithm: A literature review}, author={Rahmaniani, Ragheb and Crainic, Teodor Gabriel and Gendreau, Michel and Rei, Walter}, journal=EJOR, volume={259}, number={3}, pages={801--817}, year={2017}, publisher={Elsevier} }

@book{bertsimas1997introduction,
  title={Introduction to linear optimization},
  author={Bertsimas, Dimitris and Tsitsiklis, John N},
  volume={6},
  year={1997},
  publisher={Athena Scientific Belmont, MA}
}

@article{marques2012integer,
  title={An integer programming approach to elective surgery scheduling},
  author={Marques, In{\^e}s and Captivo, M Eug{\'e}nia and Pato, Margarida Vaz},
  journal=ORS,
  volume={34},
  number={2},
  pages={407--427},
  year={2012},
  publisher={Springer}
}

@article{jebali2006operating,
  title={Operating rooms scheduling},
  author={Jebali, Aida and Alouane, Atidel B Hadj and Ladet, Pierre},
  journal=IJPE,
  volume={99},
  number={1-2},
  pages={52--62},
  year={2006},
  publisher={Elsevier}
}

@article{testi2007three,
  title={A three-phase approach for operating theatre schedules},
  author={Testi, Angela and Tanfani, Elena and Torre, Giancarlo},
  journal=HCMS,
  volume={10},
  number={2},
  pages={163--172},
  year={2007},
  publisher={Springer}
}

@ARTICLE{roshanaei2017collaborative,
  title={Collaborative Operating Room Planning and Scheduling},
  author={Roshanaei, Vahid and Luong, Curtiss and Aleman, Dionne M and Urbach, David R},
  journal=IJOC,
  volume={29},
  number={3},
  pages={558--580},
  year={2017},
  note={}
}

@article{wang2016discrete,
  title={A discrete event simulation evaluation of distributed operating room scheduling},
  author={Wang, Shuo and Roshanaei, Vahid and Aleman, Dionne and Urbach, David},
  journal=IIETOHSE,
  volume={6},
  number={4},
  pages={236--245},
  year={2016},
  publisher={Taylor \& Francis}
}

@article{denton2010optimal,
  title={Optimal allocation of surgery blocks to operating rooms under uncertainty},
  author={Denton, Brian T and Miller, Andrew J and Balasubramanian, Hari J and Huschka, Todd R},
  journal=OR,
  volume={58},
  number={4-part-1},
  pages={802--816},
  year={2010},
  publisher={INFORMS}
}

@article{min2010scheduling,
  title={Scheduling elective surgery under uncertainty and downstream capacity constraints},
  author={Min, Daiki and Yih, Yuehwern},
  journal=EJOR,
  volume={206},
  number={3},
  pages={642--652},
  year={2010},
  publisher={Elsevier}
}

@article{batun2011operating,
  title={Operating room pooling and parallel surgery processing under uncertainty},
  author={Batun, Sakine and Denton, Brian T and Huschka, Todd R and Schaefer, Andrew J},
  journal=IJOC,
  volume={23},
  number={2},
  pages={220--237},
  year={2011},
  publisher={INFORMS}
}

@article{fazel2013solving,
  title={Solving a stochastic facility location/fleet management problem with logic-based {B}enders' decomposition},
  author={Fazel-Zarandi, Mohammad M and Berman, Oded and Beck, J Christopher},
  journal=IIE,
  volume={45},
  number={8},
  pages={896--911},
  year={2013},
  publisher={Taylor \& Francis}
}

@article{bodur2016mixed,
  title={Mixed-integer rounding enhanced {B}enders decomposition for multiclass service-system staffing and scheduling with arrival rate uncertainty},
  author={Bodur, Merve and Luedtke, James R},
  journal=MS,
  volume={63},
  number={7},
  pages={2073--2091},
  year={2016},
  publisher={INFORMS}
}

@article{chu2005hybrid, title={A Hybrid Algorithm for a Class of Resource Constrained Scheduling Problems}, author={Chu, Yingyi and Xia, Quanshi}, journal={Integration of AI and OR Techniques in Constraint Programming for Combinatorial Optimization Problems}, pages={110}, year={2005} }

@article{laporte1993integer,
  title={The integer {L}-shaped method for stochastic integer programs with complete recourse},
  author={Laporte, Gilbert and Louveaux, Fran{\c{c}}ois V},
  journal=ORL,
  volume={13},
  number={3},
  pages={133--142},
  year={1993},
  publisher={Elsevier}
}

@book{birge2011introduction,
	title={Introduction to Stochastic Programming},
	author={Birge, John R and Louveaux, Francois},
	year={2011},
	publisher={Springer Science \& Business Media}
}

@article{hooker2007planning, title={Planning and scheduling by logic-based {B}enders decomposition}, author={Hooker, John N}, journal=OR, volume={55}, number={3}, pages={588--602}, year={2007}, publisher={INFORMS} }

@incollection{conforti2014integer, title={Integer programming models}, author={Conforti, Michele and Cornu{\'e}jols, G{\'e}rard and Zambelli, Giacomo}, booktitle={Integer Programming}, pages={45--84}, year={2014}, publisher={Springer} }

@article{kleywegt2002sample, title={The sample average approximation method for stochastic discrete optimization}, author={Kleywegt, Anton J and Shapiro, Alexander and Homem-de-Mello, Tito}, journal=SIAMOPT, volume={12}, number={2}, pages={479--502}, year={2002}, publisher={SIAM} }

@inproceedings{tran2012logic,
  title={Logic-based {B}enders Decomposition for Alternative Resource Scheduling with Sequence Dependent Setups.},
  author={Tran, Tony T and Beck, J Christopher},
  booktitle={ECAI},
  pages={774--779},
  year={2012}
}

@incollection{brandstatter2016location,
  title={Location of charging stations in electric car sharing systems},
  author={Brandst{\"a}tter, Georg and Leitner, Markus and Ljubi{\'c}, Ivana},
  booktitle={Technical Report},
  year={2016},
  publisher={Department of Statistics and Operations Research, University of Vienna, Vienna, Austria}
}

@article{hooker2003logic,
  title={Logic-based {B}enders decomposition},
  author={Hooker, John N and Ottosson, Greger},
  journal=MP,
  volume={96},
  number={1},
  pages={33--60},
  year={2003},
  publisher={Springer}
}

@article{hooker2007planning,
  title={Planning and scheduling by logic-based {B}enders decomposition},
  author={Hooker, John N},
  journal=OR,
  volume={55},
  number={3},
  pages={588--602},
  year={2007},
  publisher={INFORMS}
}

@inproceedings{singhvi2015predicting,
  title={Predicting Bike Usage for New York City's Bike Sharing System.},
  author={Singhvi, Divya and Singhvi, Somya and Frazier, Peter I and Henderson, Shane G and O'Mahony, Eoin and Shmoys, David B and Woodard, Dawn B},
  booktitle={AAAI Workshop: Computational Sustainability},
  year={2015}
}

@article{lozano2018binary,
  title={A binary decision diagram based algorithm for solving a class of binary two-stage stochastic programs},
  author={Lozano, Leonardo and Smith, J Cole},
  journal={MP},
  pages={1--24},
  year={2018},
  publisher={Springer}
}

@book{bergman2016decision,
  title={Decision diagrams for optimization},
  author={Bergman, David and Cire, Andre A and Van Hoeve, Willem-Jan and Hooker, John},
  year={2016},
  publisher={Springer}
}

@article{strum2000modeling,
  title={Modeling the Uncertainty of Surgical Procedure TimesComparison of Log-normal and Normal Models},
  author={Strum, David P and May, Jerrold H and Vargas, Luis G},
  journal=AJASA,
  volume={92},
  number={4},
  pages={1160--1167},
  year={2000},
  publisher={The American Society of Anesthesiologists}
}

@article{roshanaei2017propagating,
  title={Propagating logic-based {B}enders decomposition approaches for distributed operating room scheduling},
  author={Roshanaei, Vahid and Luong, Curtiss and Aleman, Dionne M and Urbach, David},
  journal=EJOR,
  volume={257},
  number={2},
  pages={439--455},
  year={2017},
  publisher={Elsevier}
}

@article{deng2019chance,
  title={Chance-constrained surgery planning under conditions of limited and ambiguous data},
  author={Deng, Yan and Shen, Siqian and Denton, Brian},
  journal=IJOC,
  year={2019},
  publisher={INFORMS}
}

@article{naderi2014scatter,
  title={A scatter search algorithm for the distributed permutation flowshop scheduling problem},
  author={Naderi, Bahman and Ruiz, Rub{\'e}n},
  journal=EJOR,
  volume={239},
  number={2},
  pages={323--334},
  year={2014},
  publisher={Elsevier}
}

@article{behnamian2013heterogeneous,
  title={The heterogeneous multi-factory production network scheduling with adaptive communication policy and parallel machine},
  author={Behnamian, Javad and Ghomi, SMT Fatemi},
  journal=IS,
  volume={219},
  pages={181--196},
  year={2013},
  publisher={Elsevier}
}

@article{sambasivan2005lagrangean,
  title={A Lagrangean-based heuristic for multi-plant, multi-item, multi-period capacitated lot-sizing problems with inter-plant transfers},
  author={Sambasivan, Murali and Yahya, Salleh},
  journal=COR,
  volume={32},
  number={3},
  pages={537--555},
  year={2005},
  publisher={Elsevier}
}

@article{timpe2000optimal,
  title={Optimal planning in large multi-site production networks},
  author={Timpe, Christian H and Kallrath, Josef},
  journal=EJOR,
  volume={126},
  number={2},
  pages={422--435},
  year={2000},
  publisher={Elsevier}
}

@article{johnson1974worst,
  title={Worst-case performance bounds for simple one-dimensional packing algorithms},
  author={Johnson, David S. and Demers, Alan and Ullman, Jeffrey D. and Garey, Michael R and Graham, Ronald L.},
  journal=SIAMC,
  volume={3},
  number={4},
  pages={299--325},
  year={1974},
  publisher={SIAM}
}

@article{cire2016logic, title={Logic-based {B}enders decomposition for planning and scheduling: a computational analysis}, author={Cir{\'e}, Andr{\'e} A and Coban, Elvin and Hooker, John N}, journal={The Knowledge Engineering Review}, volume={31}, number={5}, pages={440--451}, year={2016}, publisher={Cambridge University Press} }

@article{canadian2018wait,
  title={Wait times for priority procedures in Canada},
  author={CIHI},
  year={2018},
  journal = {Canadian Institute for Health Information Ottawa, ON}
}

@article{magnussen2007centralized,
  title={Centralized or decentralized? A case study of Norwegian hospital reform},
  author={Magnussen, Jon and Hagen, Terje P and Kaarboe, Oddvar M},
  journal={Social science \& medicine},
  volume={64},
  number={10},
  pages={2129--2137},
  year={2007},
  publisher={Elsevier}
}

@phdthesis{karwan1976surrogate, title={Surrogate constraint duality and extensions in integer programming}, author={Karwan, Mark H}, year={1976}, school={Georgia Institute of Technology} }

@article{esmail2019private, title={The private cost of public queues for medically necessary care}, author={Barua, Bacchus and Jacques, David}, journal={Fraser Research Bulletin}, year={2019} }

@article{angulo2016improving,
  title={Improving the integer {L}-shaped method},
  author={Angulo, Gustavo and Ahmed, Shabbir and Dey, Santanu S},
  journal=IJOC,
  volume={28},
  number={3},
  pages={483--499},
  year={2016},
  publisher={INFORMS}
}

@article{dimitriadis2013challenge,
  title={The challenge of cancellations on the day of surgery},
  author={Dimitriadis, PA and Iyer, S and Evgeniou, E},
  journal=IJOS,
  volume={11},
  number={10},
  pages={1126--1130},
  year={2013},
  publisher={Elsevier}
}

@article{gul2015progressive, title={A progressive hedging approach for surgery planning under uncertainty}, author={Gul, Serhat and Denton, Brian T and Fowler, John W}, journal=IJOC, volume={27}, number={4}, pages={755--772}, year={2015}, publisher={INFORMS} }

@article{ahmed2004finite,
title={A finite branch-and-bound algorithm for two-stage stochastic integer programs},
author={Ahmed, Shabbir and Tawarmalani, Mohit and Sahinidis, Nikolaos V},
journal=MP,
volume={100},
number={2},
pages={355--377},
year={2004},
publisher={Springer}
}

@article{sherali2002modification,
title={A modification of Benders' decomposition algorithm for discrete subproblems: An approach for stochastic programs with integer recourse},
author={Sherali, Hanif D and Fraticelli, Barbara MP},
journal=JOGO,
volume={22},
number={1-4},
pages={319--342},
year={2002},
publisher={Springer}
}

@article{caroe1998shaped,
title={L-shaped decomposition of two-stage stochastic programs with integer recourse},
author={Car{\o}e, Claus C and Tind, J{\o}rgen},
journal=MP,
volume={83},
number={1-3},
pages={451--464},
year={1998},
publisher={Springer}
}

@article{gade2014decomposition,
title={Decomposition algorithms with parametric Gomory cuts for two-stage stochastic integer programs},
author={Gade, Dinakar and K{\"u}{\c{c}}{\"u}kyavuz, Simge and Sen, Suvrajeet},
journal=MP,
volume={144},
number={1-2},
pages={39--64},
year={2014},
publisher={Springer}
}

@article{silva2015surgical, title={Surgical scheduling with simultaneous employment of specialised human resources}, author={Silva, Thiago AO and de Souza, Mauricio C and Saldanha, Rodney R and Burke, Edmund K}, journal=EJOR, volume={245}, number={3}, pages={719--730}, year={2015}, publisher={Elsevier} }

@article{balas1993lift,
  title={A lift-and-project cutting plane algorithm for mixed 0--1 programs},
  author={Balas, Egon and Ceria, Sebasti{\'a}n and Cornu{\'e}jols, G{\'e}rard},
  journal=MP,
  volume={58},
  number={1-3},
  pages={295--324},
  year={1993},
  publisher={Springer}
}

@article{ntaimo2008computations,
  title={Computations with disjunctive cuts for two-stage stochastic mixed 0-1 integer programs},
  author={Ntaimo, Lewis and Tanner, Matthew W},
  journal=JOGO,
  volume={41},
  number={3},
  pages={365--384},
  year={2008},
  publisher={Springer}
}

@phdthesis{bodur2015valid,
  title={On valid inequalities for polyhedra in extended and projected spaces with application to two-stage stochastic integer programming},
  author={Bodur, Merve},
  year={2015},
  school={The University of Wisconsin-Madison}
}

@article{ntaimo2013fenchel,
  title={Fenchel decomposition for stochastic mixed-integer programming},
  author={Ntaimo, Lewis},
  journal=JOGO,
  volume={55},
  number={1},
  pages={141--163},
  year={2013},
  publisher={Springer}
}

@article{beier2015stage,
  title={Stage-and scenario-wise Fenchel decomposition for stochastic mixed 0-1 programs with special structure},
  author={Beier, Eric and Venkatachalam, Saravanan and Corolli, Luca and Ntaimo, Lewis},
  journal=COR,
  volume={59},
  pages={94--103},
  year={2015},
  publisher={Elsevier}
}

@article{fei2009solving,
  title={Solving a tactical operating room planning problem by a column-generation-based heuristic procedure with four criteria},
  author={Fei, Hongying and Chu, Chengbin and Meskens, Nadine},
  journal=EJOR,
  volume={166},
  number={1},
  pages={91},
  year={2009},
  publisher={Springer}
}

@article{cardoen2010operating,
  title={Operating room planning and scheduling: A literature review},
  author={Cardoen, Brecht and Demeulemeester, Erik and Beli{\"e}n, Jeroen},
  journal=EJOR,
  volume={201},
  number={3},
  pages={921--932},
  year={2010},
  publisher={Elsevier}
}

@article{guerriero2011operational,
  title={Operational research in the management of the operating theatre: a survey},
  author={Guerriero, Francesca and Guido, Rosita},
  journal=HCMS,
  volume={14},
  number={1},
  pages={89--114},
  year={2011},
  publisher={Springer}
}

@article{hashemi2016constraint,
  title={A constraint-programming-based branch-and-price-and-cut approach for operating room planning and scheduling},
  author={Hashemi Doulabi, Seyed Hossein and Rousseau, Louis-Martin and Pesant, Gilles},
  journal=IJOC,
  volume={28},
  number={3},
  pages={432--448},
  year={2016},
  publisher={INFORMS}
}

@article{fei2008solving,
  title={Solving surgical cases assignment problem by a branch-and-price approach},
  author={Fei, Hongying and Chu, Chengbin and Meskens, Nadine and Artiba, Abdelhakim},
  journal=IJPE,
  volume={112},
  number={1},
  pages={96--108},
  year={2008},
  publisher={Elsevier}
}

@article{denton2003sequential,
  title={A sequential bounding approach for optimal appointment scheduling},
  author={Denton, Brian and Gupta, Diwakar},
  journal={IIE transactions},
  volume={35},
  number={11},
  pages={1003--1016},
  year={2003},
  publisher={Taylor \& Francis}
}

@article{harper2002framework,
  title={A framework for operational modelling of hospital resources},
  author={Harper, Paul R},
  journal=HCMS,
  volume={5},
  number={3},
  pages={165--173},
  year={2002},
  publisher={Springer}
}

@article{belien2007building,
  title={Building cyclic master surgery schedules with leveled resulting bed occupancy},
  author={Beli{\"e}n, Jeroen and Demeulemeester, Erik},
  journal=EJOR,
  volume={176},
  number={2},
  pages={1185--1204},
  year={2007},
  publisher={Elsevier}
}

@article{belien2008branch,
  title={A branch-and-price approach for integrating nurse and surgery scheduling},
  author={Beli{\"e}n, Jeroen and Demeulemeester, Erik},
  journal=EJOR,
  volume={189},
  number={3},
  pages={652--668},
  year={2008},
  publisher={Elsevier}
}

@article{blake2002goal,
  title={A goal programming approach to strategic resource allocation in acute care hospitals},
  author={Blake, John T and Carter, Michael W},
  journal=EJOR,
  volume={140},
  number={3},
  pages={541--561},
  year={2002},
  publisher={Elsevier}
}

@article{blake2002mount,
  title={Mount Sinai hospital uses integer programming to allocate operating room time},
  author={Blake, John T and Donald, Joan},
  journal={Interfaces},
  volume={32},
  number={2},
  pages={63--73},
  year={2002},
  publisher={INFORMS}
}

@article{bowers2004managing,
  title={Managing uncertainty in orthopaedic trauma theatres},
  author={Bowers, John and Mould, Gillian},
  journal=EJOR,
  volume={154},
  number={3},
  pages={599--608},
  year={2004},
  publisher={Elsevier}
}









